% Encoding: UTF-8

@Article{Katariya2024,
  author  = {Lavesh Katariya},
  date    = {2024-10-02},
  title   = {What is a White Label App? Definition & Examples},
  url     = {https://www.brilworks.com/blog/what-are-white-label-apps-and-popular-examples/},
  urldate = {2024-11-11},
}

@Article{Struk2023,
  author  = {Vadim Struk},
  date    = {2023-01-03},
  title   = {Building a White Label App: Advantages and Challenges in 2024 [Architecture Example Included]},
  url     = {https://relevant.software/blog/building-white-label-app-architecture/},
  urldate = {2024-11-11},
}

@Online{Vendesta2019,
  author  = {Vendesta},
  date    = {2019-05-25},
  title   = {What is White Label? Products, Software, and More},
  url     = {https://www.youtube.com/watch?v=AYmcCfQgIPg},
  urldate = {2024-11-09},
}

@Article{Vendesta2023,
  author  = {Vendesta},
  date    = {2023-12-06},
  title   = {Decoding white-label products: The ultimate guide to building a brand, and sales tips for success},
  url     = {https://www.vendasta.com/blog/the-ultimate-guide-to-white-label/},
  urldate = {2024-11-11},
}

@Article{Candelario2024,
  author  = {Greg Peter Candelario},
  date    = {2024-10-18},
  title   = {White Label Apps Definition, Types, and Use Case Examples},
  url     = {https://www.designrush.com/agency/mobile-app-design-development/trends/white-label-app},
  urldate = {2024-11-11},
}

@Comment{jabref-meta: databaseType:biblatex;}
